<?xml version="1.0" encoding="UTF-8"?><collection xmlns="http://www.loc.gov/MARC21/slim"><record><leader>00434nam--2200133-i-4500</leader><controlfield tag="001">000033117</controlfield><controlfield tag="002">20161230</controlfield><controlfield tag="005">20161230201039</controlfield><controlfield tag="008">060222s1000------------r-----000-0-eng-d</controlfield><datafield ind1=" " ind2=" " tag="080"><subfield code="a">621.374:61.3.078</subfield></datafield><datafield ind1=" " ind2=" " tag="100"><subfield code="a">Meksawan, Tavach</subfield></datafield><datafield ind1=" " ind2=" " tag="245"><subfield code="a">Astudy of optimal synthesis techniques for linear control systems with pulse-width-modulation.dissertation</subfield></datafield><datafield ind1=" " ind2=" " tag="260"><subfield code="a">Ann-arbor, Michigan, University Microfilms, 1963. Vi+230p</subfield></datafield><datafield ind1=" " ind2=" " tag="852"><subfield code="a">28010</subfield></datafield></record></collection>